@INPROCEEDINGS{2,
    author      = "James Philbin and Ondrej Chum and Michael Isard and Josef Sivic and Andrew Zisserman",
    title       = "Object retrieval with large vocabularies and fast spatial matching",
    booktitle   = {Proc. CVPR},
    year        = "2007",
}

@INPROCEEDINGS{3,
    author      = {Josef Sivic and Andrew Zisserman},
    title       = {Video google: A text retrieval approach to object matching in videos},
    booktitle   = {Proc. ICCV},
    year        = {2003},
}

@BOOK{4,
    author      = "C. D. Manning and P. Raghavan and H. Sch√ºtze",
    title       = "Introduction to Information Retrieval",
    publisher   = "Cambridge University Press",
    year        = "2008"
}

@INPROCEEDINGS{5,
    author      = {D. Nister and H. Stewenius},
    title       = {Scalable recognition with a vocabulary tree},
    booktitle   = {Proc. CVPR},
    year        = {2006}
}

@INPROCEEDINGS{6,
    author      = {G. Schindler and M. Brown and and R. Szeliski},
    title       = {City-scale location recognition},
    booktitle   = {Proc. CVPR},
    year        = {2007}
}

@INPROCEEDINGS{7,
    author      = {James Philbin and Michael Isard and Josef Sivic and Andrew Zisserman},
    title       = {Lost in quantization: Improving particular object retrieval in large scale image databases},
    booktitle   = {Proc. CVPR},
    year        = {2008}
}

@INPROCEEDINGS{8,
    author      = {Salton, G. and Yu, Clement T.},
    title       = {On the Construction of Effective Vocabularies for Information Retrieval},
    booktitle   = {Proceedings of the 1973 Meeting on Programming Languages and Information Retrieval},
    series      = {SIGPLAN '73},
    year        = {1973},
    location    = {Gaithersburg, Maryland},
    pages       = {48--60},
    numpages    = {13},
    url         = {http://doi.acm.org/10.1145/951762.951766},
    doi         = {10.1145/951762.951766},
    acmid       = {951766},
    publisher   = {ACM},
    address     = {New York, NY, USA},
} 

@INPROCEEDINGS{9,
    author      = {Bin Li and Yuan Guoyong},
    title       = {Improvement of tf-idf for Hadoop Framework},
    booktitle   = {The 2nd International Conference on Computer Application and System Modeling},
    year        = {2012}
}

@MISC{10,
    author      = {Robotics Research Group},
    title       = {Affine Covariant Features},
    howpublished= "\url{http://www.robots.ox.ac.uk/~vgg/research/affine/descriptors.html}",
    year        = {2006},
    note        = "[Online; accessed 21-Mar-2015]"
}

@ARTICLE{11,
    author      = {Amit, Yali and Geman, Donald},
    title       = {Shape Quantization and Recognition with Randomized Trees},
    journal     = {Neural Comput.},
    issue_date  = {Oct. 1, 1997},
    volume      = {9},
    number      = {7},
    month       = oct,
    year        = {1997},
    issn        = {0899-7667},
    pages       = {1545--1588},
    numpages    = {44},
    url         = {http://dx.doi.org/10.1162/neco.1997.9.7.1545},
    doi         = {10.1162/neco.1997.9.7.1545},
    acmid       = {263042},
    publisher   = {MIT Press},
    address     = {Cambridge, MA, USA},
} 

@INPROCEEDINGS{12, 
    author      = {Lepetit, V. and Lagger, P. and Fua, P.}, 
    booktitle   = {Computer Vision and Pattern Recognition, 2005. CVPR 2005. IEEE Computer Society Conference on}, 
    title       = {Randomized trees for real-time keypoint recognition}, 
    year        = {2005}, 
    month       = {June}, 
    volume      = {2}, 
    pages       = {775-781 vol. 2}, 
    keywords    = {feature extraction;learning (artificial intelligence);object detection;pattern classification;pattern matching;real-time systems;trees (mathematics);K-mean plus Nearest Neighbor classifier;feature point baseline matching;object detection;pattern classification;randomized trees;real-time keypoint recognition;real-time system;training;Books;Cameras;Classification tree analysis;Computer vision;Laboratories;Lighting;Nearest neighbor searches;Object detection;Real time systems;Robustness}, 
    doi         = {10.1109/CVPR.2005.288}, 
    ISSN        = {1063-6919},
}

@INPROCEEDINGS{13,
    title       = {Localization using an imagemap},
    booktitle   = {Australasian Conference on Robotics and Automation},
    author      = {C. Silpa-Anan and R. Hartley},
    year        = {2004},
}

@ARTICLE{14,
    title       = {Distinctive image features from scale-invariant keypoints},
    volume      = {60},
    journal     = {Int. Journal of Computer Vision},
    author      = {David G. Lowe},
    year        = {2004},
    pages       = {91-110}
}

@BOOK{15,
    author      = {Bishop, Christopher M.},
    title       = {Pattern Recognition and Machine Learning (Information Science and Statistics)},
    year        = {2006},
    isbn        = {0387310738},
    publisher   = {Springer-Verlag New York, Inc.},
    address     = {Secaucus, NJ, USA},
} 


@BOOK{brunelli_template_matching,
    author      = {Roberto Brunelli},
    title       = {Template Matching Techniques in Computer Vision: Theory and Practice},
    publisher   = {Wiley},
    year        = {2009}
}

@article{pass_joint_histogram,
    author = {Pass, Greg and Zabih, Ramin},
    title = {Comparing Images Using Joint Histograms},
    journal = {Multimedia Syst.},
    issue_date = {May 1999},
    volume = {7},
    number = {3},
    month = may,
    year = {1999},
    issn = {0942-4962},
    pages = {234--240},
    numpages = {7},
    url = {http://dx.doi.org/10.1007/s005300050125},
    doi = {10.1007/s005300050125},
    acmid = {314292},
    publisher = {Springer-Verlag New York, Inc.},
    address = {Secaucus, NJ, USA},
    keywords = {color histograms, color-spatial indexing, content-based indexing and retrieval},
}

@article{Shen1983187,
    title = "Generalized texture representation and metric ",
    journal = "Computer Vision, Graphics, and Image Processing ",
    volume = "23",
    number = "2",
    pages = "187 - 206",
    year = "1983",
    note = "",
    issn = "0734-189X",
    doi = "http://dx.doi.org/10.1016/0734-189X(83)90112-3",
    url = "http://www.sciencedirect.com/science/article/pii/0734189X83901123",
    author = "Helen C. Shen and Andrew K.C. Wong"
}

@article{Werman1985328,
    title = "A distance metric for multidimensional histograms ",
    journal = "Computer Vision, Graphics, and Image Processing ",
    volume = "32",
    number = "3",
    pages = "328 - 336",
    year = "1985",
    note = "",
    issn = "0734-189X",
    doi = "http://dx.doi.org/10.1016/0734-189X(85)90055-6",
    url = "http://www.sciencedirect.com/science/article/pii/0734189X85900556",
    author = "Michael Werman and Shmuel Peleg and Azriel Rosenfeld"
}

@ARTICLE{Peleg192468, 
    author={Peleg, S. and Werman, M. and Rom, H.}, 
    journal={Pattern Analysis and Machine Intelligence, IEEE Transactions on}, 
    title={A unified approach to the change of resolution: space and gray-level}, 
    year={1989}, 
    month={Jul}, 
    volume={11}, 
    number={7}, 
    pages={739-742}, 
    keywords={computer vision;graph theory;computer vision;graph theory;gray-level requantization;gray-tone image;half-tone image;resolution change;spatial resampling;Application software;Computer graphics;Computer vision;Image analysis;Image coding;Image resolution;Read only memory;Signal resolution;Spatial resolution;Tail}, 
    doi={10.1109/34.192468}, 
    ISSN={0162-8828}
}

@ARTICLE{Ouyang5770267, 
    author={Wanli Ouyang and Tombari, F. and Mattoccia, S. and Di Stefano, L. and Wai-Kuen Cham}, 
    journal={Pattern Analysis and Machine Intelligence, IEEE Transactions on}, 
    title={Performance Evaluation of Full Search Equivalent Pattern Matching Algorithms}, 
    year={2012}, 
    month={Jan}, 
    volume={34}, 
    number={1}, 
    pages={127-143}, 
    keywords={image matching;computer vision;full search equivalent pattern matching algorithms;image processing;performance evaluation;signal processing;state-of-the-art algorithms;video processing;Algorithm design and analysis;Pattern analysis;Pattern matching;Performance evaluation;Search methods;Signal processing algorithms;Transforms;Pattern matching;fast algorithms;full search equivalent algorithm;performance evaluation.;template matching}, 
    doi={10.1109/TPAMI.2011.106}, 
    ISSN={0162-8828}
}

@article{Kaplan201059,
    title = "Users of the world, unite! The challenges and opportunities of Social Media ",
    journal = "Business Horizons ",
    volume = "53",
    number = "1",
    pages = "59 - 68",
    year = "2010",
    note = "",
    issn = "0007-6813",
    doi = "http://dx.doi.org/10.1016/j.bushor.2009.09.003",
    url = "http://www.sciencedirect.com/science/article/pii/S0007681309001232",
    author = "Andreas M. Kaplan and Michael Haenlein",
    keywords = "Social Media",
    keywords = "User Generated Content",
    keywords = "Web 2.0",
    keywords = "Social networking sites",
    keywords = "Virtual worlds "
}

@ARTICLE{Rosenfeld4309663, 
    journal={Systems, Man and Cybernetics, IEEE Transactions on}, 
    title={Coarse-Fine Template Matching}, 
    year={1977}, 
    month={Feb}, 
    volume={7}, 
    number={2}, 
    pages={104-107}, 
    keywords={Clustering algorithms;Computational efficiency;Costs;Data analysis;Pattern classification;Pattern recognition;Reconnaissance;Spatial resolution;Taxonomy;Writing}, 
    doi={10.1109/TSMC.1977.4309663}, 
    ISSN={0018-9472},
    author = {A. Rosenfeld and G. J. Vanderburg},
}

@ARTICLE{Gharavi913587, 
    author={Gharavi-Alkhansari, M.}, 
    journal={Image Processing, IEEE Transactions on}, 
    title={A fast globally optimal algorithm for template matching using low-resolution pruning}, 
    year={2001}, 
    month={Apr}, 
    volume={10}, 
    number={4}, 
    pages={526-533}, 
    keywords={image matching;image resolution;noise;optimisation;search problems;2D template matching;coarse-to-fine template matching algorithm;exact best match;fast globally optimal algorithm;full search;image processing;low-noise;low-resolution pruning;pattern recognition;signal processing;video compression;Filtering;Image processing;Motion estimation;Pattern matching;Pattern recognition;Pixel;Signal processing algorithms;Uninterruptible power systems;Video compression;Video signal processing}, 
    doi={10.1109/83.913587}, 
    ISSN={1057-7149},
}

@article{Rubner,
    year={2000},
    issn={0920-5691},
    journal={International Journal of Computer Vision},
    volume={40},
    number={2},
    doi={10.1023/A:1026543900054},
    title={The Earth Mover's Distance as a Metric for Image Retrieval},
    publisher={Kluwer Academic Publishers},
    keywords={image retrieval; perceptual metrics; color; texture; Earth Mover's Distance},
    author={Rubner, Yossi and Tomasi, Carlo and Guibas, LeonidasJ.},
    pages={99-121},
    language={English}
}

@INPROCEEDINGS{Belongie710790, 
    author={Belongie, S. and Carson, C. and Greenspan, H. and Malik, J.}, 
    booktitle={Computer Vision, 1998. Sixth International Conference on}, 
    title={Color- and texture-based image segmentation using EM and its application to content-based image retrieval}, 
    year={1998}, 
    month={Jan}, 
    pages={675-682}, 
    keywords={image representation;image segmentation;information retrieval;query processing;content-based image retrieval;expectation-maximization algorithm;image regions;image representation;image segmentation;scale selection;similarity-based querying;texture description;texture features;Application software;Computer science;Content based retrieval;Expectation-maximization algorithms;Image databases;Image representation;Image retrieval;Image segmentation;Information retrieval;Pixel}, 
    doi={10.1109/ICCV.1998.710790},
}

@INPROCEEDINGS{Viola990517, 
    author={Viola, P. and Jones, M.}, 
    booktitle={Computer Vision and Pattern Recognition, 2001. CVPR 2001. Proceedings of the 2001 IEEE Computer Society Conference on}, 
    title={Rapid object detection using a boosted cascade of simple features}, 
    year={2001}, 
    month={}, 
    volume={1}, 
    pages={I-511-I-518 vol.1}, 
    keywords={feature extraction;image classification;image representation;learning (artificial intelligence);object detection;AdaBoost;background regions;boosted simple feature cascade;classifiers;face detection;image processing;image representation;integral image;machine learning;object specific focus-of-attention mechanism;rapid object detection;real-time applications;statistical guarantees;visual object detection;Detectors;Face detection;Filters;Focusing;Image representation;Machine learning;Object detection;Pixel;Robustness;Skin}, 
    doi={10.1109/CVPR.2001.990517}, 
    ISSN={1063-6919},
}

@article{Lowe2004,
    year={2004},
    issn={0920-5691},
    journal={International Journal of Computer Vision},
    volume={60},
    number={2},
    doi={10.1023/B:VISI.0000029664.99615.94},
    title={Distinctive Image Features from Scale-Invariant Keypoints},
    publisher={Kluwer Academic Publishers},
    keywords={invariant features; object recognition; scale invariance; image matching},
    author={Lowe, DavidG.},
    pages={91-110},
    language={English}
}

@article{Mikolajczyk2004,
    year={2004},
    issn={0920-5691},
    journal={International Journal of Computer Vision},
    volume={60},
    number={1},
    doi={10.1023/B:VISI.0000027790.02288.f2},
    title={Scale \& Affine Invariant Interest Point Detectors},
    publisher={Kluwer Academic Publishers},
    keywords={interest points; local features; scale invariance; affine invariance; matching; recognition},
    author={Mikolajczyk, Krystian and Schmid, Cordelia},
    pages={63-86},
    language={English}
}

@article{Fischler1981,
     author = {Fischler, Martin A. and Bolles, Robert C.},
     title = {Random Sample Consensus: A Paradigm for Model Fitting with Applications to Image Analysis and Automated Cartography},
     journal = {Commun. ACM},
     issue_date = {June 1981},
     volume = {24},
     number = {6},
     month = jun,
     year = {1981},
     issn = {0001-0782},
     pages = {381--395},
     numpages = {15},
     url = {http://doi.acm.org/10.1145/358669.358692},
     doi = {10.1145/358669.358692},
     acmid = {358692},
     publisher = {ACM},
     address = {New York, NY, USA},
     keywords = {automated cartography, camera calibration, image matching, location determination, model fitting, scene analysis},
} 

@electronic{oxbuilding,
    url = {http://www.robots.ox.ac.uk/~vgg/data/oxbuildings/},
}

@inbook {Levene2010,
    title = {Bibliography},
    author = {Levene, Mark},
    publisher = {John Wiley & Sons, Inc.},
    isbn = {9780470874233},
    url = {http://dx.doi.org/10.1002/9780470874233.biblio},
    doi = {10.1002/9780470874233.biblio},
    pages = {424--461},
    booktitle = {An Introduction to Search Engines and Web Navigation},
    year = {2010},
}

@Article{c2008,
  author = {C. hristopher D. . - Manning and P. rabhakar - Raghavan and H. inrich - SchuÃàtze},
  title = {- {Introduction} to information retrieval},
  journal = {},
  volume = {},
  pages = {},
  year = {- c2008},
  entrydate = {2015/04/18},
  abstract = {},
}

@book{Croft:2009:SEI:1516224,
 author = {Croft, Bruce and Metzler, Donald and Strohman, Trevor},
 title = {Search Engines: Information Retrieval in Practice},
 year = {2009},
 isbn = {0136072240, 9780136072249},
 edition = {1st},
 publisher = {Addison-Wesley Publishing Company},
 address = {USA},
} 

@article{journals/ires/CloughS13,
  added-at = {2014-01-17T00:00:00.000+0100},
  author = {Clough, Paul and Sanderson, Mark},
  biburl = {http://www.bibsonomy.org/bibtex/2509204ea0cbb74534617fb687d505fb4/dblp},
  ee = {http://informationr.net/ir/18-2/paper582.html},
  interhash = {272a770039c7c9f29b31aa3549a89984},
  intrahash = {509204ea0cbb74534617fb687d505fb4},
  journal = {Inf. Res.},
  keywords = {dblp},
  number = 2,
  timestamp = {2014-01-18T11:35:06.000+0100},
  title = {Evaluating the performance of information retrieval systems using test collections.},
  url = {http://dblp.uni-trier.de/db/journals/ires/ires18.html},
  volume = 18,
  year = 2013
}

@inproceedings{conf/bmvc/MatasCUP02,
  author = {Matas, Jiri and Chum, Ondrej and Urban, Martin and Pajdla, Tom√°s},
  biburl = {http://www.bibsonomy.org/bibtex/2fdbfc65f9a92eb161017fe3df2c0962a/dblp},
  booktitle = {BMVC},
  crossref = {conf/bmvc/2002},
  editor = {Rosin, Paul L. and Marshall, A. David},
  ee = {http://www.bmva.org/bmvc/2002/papers/113/full_113.pdf},
  interhash = {b3dc32f6a6ece1f3ce58fb1f38dd7964},
  intrahash = {fdbfc65f9a92eb161017fe3df2c0962a},
  isbn = {1-901725-19-7},
  keywords = {dblp},
  publisher = {British Machine Vision Association},
  timestamp = {2011-01-11T11:34:39.000+0100},
  title = {Robust Wide Baseline Stereo from Maximally Stable Extremal Regions.},
  year = 2002
}

@INPROCEEDINGS{Tuytelaars99content-basedimage,
    author = {Tinne Tuytelaars and Luc Van Gool},
    title = {Content-based Image Retrieval based on Local Affinely Invariant Regions},
    booktitle = {In Int. Conf. on Visual Information Systems},
    year = {1999},
    pages = {493--500}
}

@INPROCEEDINGS{Tuytelaars00widebaseline,
    author = {Tinne Tuytelaars and Luc Van Gool},
    title = {Wide Baseline Stereo Matching based on Local, Affinely Invariant Regions},
    booktitle = {In Proc. BMVC},
    year = {2000},
    pages = {412--425}
}

@inproceedings{icml2013_chen13e, 
    Publisher = {JMLR Workshop and Conference Proceedings}, 
    Title = {Fast Image Tagging}, 
    Url = {http://jmlr.org/proceedings/papers/v28/chen13e.pdf}, 
    Booktitle = {Proceedings of the 30th International Conference on Machine Learning (ICML-13)}, 
    Author = {Minmin Chen and Alice Zheng and Kilian Q. Weinberger}, 
    Number = {3}, 
    Month = may, 
    Volume = {28}, 
    Editor = {Sanjoy Dasgupta and David Mcallester}, 
    Year = {2013}, 
    Pages = {1274-1282}, 
    Abstract = {Automatic image annotation is a difficult and highly relevant machine learning task. Recent advances have significantly improved the state-of-the-art in retrieval accuracy with algorithms based on nearest neighbor classification in carefully learned metric spaces. But this comes at a price of increased computational complexity during training and testing. We propose FastTag, a novel algorithm that achieves comparable results with two simple linear mappings that are co-regularized in a joint convex loss function. The loss function can be efficiently optimized in closed form updates, which allows us to incorporate a large number of image descriptors cheaply. On several standard real-world benchmark data sets, we demonstrate that FastTag matches the current state-of-the-art in tagging quality, yet reduces the training and testing times by several orders of magnitude and has lower asymptotic complexity.} 
   }
   
   @InProceedings{Lan_2013_CVPR,
   author = {Lan, Tian and Mori, Greg},
   title = {A Max-Margin Riffled Independence Model for Image Tag Ranking},
   booktitle = {The IEEE Conference on Computer Vision and Pattern Recognition (CVPR)},
   month = {June},
   year = {2013}
   }