%% LaTeX2e file `.bib'
%% generated by the `filecontents' environment
%% from source `main' on 2015/05/02.
%%
@ARTICLE{1,
    author      = "Robert E. Wilson and Samuel D. Gosling and Lindsay T. Graham",
    title       = "A Review of Facebook Research in the Social Sciences",
    journal     = "Perspectives on Psychological Science",
    volume      = "7",
    number      = "3",
    month       = may,
    year        = "2012",
    pages       = "203-220"
}
